<record><leader>00000cas a22000007a 4500</leader><controlfield tag="001">1566037</controlfield><controlfield tag="008">750824d19241959mnuwr ne      0    0eng d</controlfield><datafield ind1=" " ind2=" " tag="010"><subfield code="a">sn 89064998 </subfield></datafield><datafield ind1=" " ind2=" " tag="040"><subfield code="a">MUL</subfield><subfield code="b">eng</subfield><subfield code="c">MUL</subfield><subfield code="d">OCL</subfield><subfield code="d">MN#</subfield><subfield code="d">OCLCQ</subfield><subfield code="d">OCLCF</subfield><subfield code="d">OCLCO</subfield></datafield><datafield ind1="1" ind2=" " tag="029"><subfield code="a">AU@</subfield><subfield code="b">000025866232</subfield></datafield><datafield ind1=" " ind2=" " tag="042"><subfield code="a">msc</subfield></datafield><datafield ind1=" " ind2=" " tag="043"><subfield code="a">n-us-mn</subfield></datafield><datafield ind1=" " ind2=" " tag="052"><subfield code="a">4144</subfield><subfield code="b">D4</subfield></datafield><datafield ind1=" " ind2=" " tag="052"><subfield code="a">4143</subfield><subfield code="b">I8</subfield></datafield><datafield ind1="0" ind2="4" tag="245"><subfield code="a">The Deer River news.</subfield></datafield><datafield ind1=" " ind2=" " tag="260"><subfield code="a">Deer River, Minn. :</subfield><subfield code="b">H.E. Wolfe,</subfield><subfield code="c">1924-1959.</subfield></datafield><datafield ind1=" " ind2=" " tag="300"><subfield code="a">35 v.</subfield></datafield><datafield ind1=" " ind2=" " tag="310"><subfield code="a">Weekly</subfield></datafield><datafield ind1="0" ind2=" " tag="362"><subfield code="a">Vol. 27, no. 8 (May 1, 1924)-v. 61, no. 33 (Aug. 27, 1959).</subfield></datafield><datafield ind1=" " ind2=" " tag="530"><subfield code="a">Available on microfilm from the Minnesota Historical Society.</subfield></datafield><datafield ind1=" " ind2="0" tag="651"><subfield code="a">Deer River (Minn.)</subfield><subfield code="v">Newspapers.</subfield></datafield><datafield ind1=" " ind2="7" tag="655"><subfield code="a">Newspapers.</subfield><subfield code="2">fast</subfield><subfield code="0">(OCoLC)fst01423814</subfield></datafield><datafield ind1=" " ind2="7" tag="651"><subfield code="a">Minnesota</subfield><subfield code="z">Deer River.</subfield><subfield code="2">fast</subfield><subfield code="0">(OCoLC)fst01254545</subfield></datafield><datafield ind1=" " ind2=" " tag="752"><subfield code="a">United States</subfield><subfield code="b">Minnesota</subfield><subfield code="c">Itasca</subfield><subfield code="d">Deer River.</subfield></datafield><datafield ind1="0" ind2="0" tag="780"><subfield code="t">Itasca news</subfield><subfield code="w">(DLC)sn 89064889</subfield></datafield><datafield ind1="0" ind2="7" tag="785"><subfield code="t">Itasca progressive</subfield><subfield code="w">(DLC)sn 89064997</subfield></datafield><datafield ind1="0" ind2="7" tag="785"><subfield code="t">Western Itasca review</subfield><subfield code="w">(DLC)sn 89064890</subfield></datafield></record>